[
  {
    "100": {
      "4": "aut",
      "ind1": "0",
      "a": "Агапит",
      "v": [
        "диакон"
      ],
      "d": "6 в."
    },
    "245": {
      "ind1": "0",
      "ind2": "0",
      "a": "Изложение глав или статей увещательных греческому императору Иустиниану,",
      "c": "Поднесенное Константинопольския соборныя церкви диаконом. ; Переведено с еллиногреческаго языка статским советником С. Писаревым, и"
    },
    "260": [
      {
        "a": "[Санкт-Петербург]",
        "b": "Напечатано при Императорской Академии наук в С. Петербурге",
        "c": "1771"
      }
    ],
    "300": {
      "a": [
        "[8], 35, [1] с."
      ],
      "b": [
        "Экз. РНБ (18.86.6.16) в картонном пер., оклееном мраморной бумагой. Корешок с зеленой кожаной наклейкой с золотого тиснения (позолота частично утрачена) загл.: \"Агапита Изложение глав\". На нижней крышке пер. экслибрис Рус. фонда ГПБ с шифром. На форзаце ярлык с шифром РНБ. На тит. л. штамп ИБ в венке с короной. На тит. л., с. 33, 35 круглый штамп ГПБ. На тит. л. рукоп. помета техн. характера",
        "Экз. РНБ (138/1538) в бумаж. обл. (рисунок \"павлинье перо\"). На 1-й с. обл. наклейка с цифрами: \"2832\". На 4-й с. экслибрис Рус. фонда ГПБ с шифром. На 2-й с. обл. ярлык с шифром РНБ. На тит. л. прямоугольный штамп РНБ: \"1 филиал\". На тит. л. и с.33 круглый штамп ГПБ. Размер: 19,4х12,2х0,7 см"
      ],
      "c": [
        "8°"
      ]
    },
    "490": [],
    "500": {},
    "510": [
      {
        "a": "СК XVIII 51",
        "ind1": "4"
      },
      {
        "a": "СК XVIII. Т.3. С.484",
        "ind1": "4"
      },
      {
        "a": "СК XVIII. Доп. С.101",
        "ind1": "4"
      }
    ],
    "600": [
      {
        "2": "nlr_sh",
        "ind1": "0",
        "ind2": "4",
        "a": "Юстиниан",
        "c": "император византийский",
        "b": "I",
        "d": "ок.483 - 565",
        "x": "в художественной литературе"
      }
    ],
    "700": [
      {
        "4": "trl",
        "ind1": "1",
        "a": "Писарев, Степан Иванович",
        "v": "переводчик",
        "d": "1707-1775",
        "e": "trl"
      },
      {
        "4": "dte",
        "ind1": "0",
        "a": "Павел",
        "v": "император российский",
        "b": "I",
        "d": "1754-1801",
        "e": "dte"
      }
    ],
    "710": {
      "4": "prt",
      "ind1": "2",
      "a": "Академическая типография"
    },
    "752": {
      "d": "Санкт-Петербург"
    },
    "852": [
      {
        "a": "NLR",
        "j": "18.86.6.16"
      },
      {
        "a": "NLR",
        "j": "138/1538"
      },
      {
        "a": "НГОУНБ"
      },
      {
        "a": "РГБ"
      },
      {
        "a": "БАН"
      },
      {
        "a": "ЗНБ СГУ"
      },
      {
        "a": "МГУ"
      },
      {
        "a": "ГПИБ"
      },
      {
        "a": "КирОУНБ"
      },
      {
        "a": "ТОУНБ"
      },
      {
        "a": "ГПНТБ СО РАН"
      },
      {
        "a": "НБ УрГУ"
      },
      {
        "a": "НБЛ КГУ"
      },
      {
        " ": "RU\\NLR\\A1\\17",
        "ind1": "\u001e"
      },
      {
        "a": [
          "NLR: 18.86.6.16",
          "NLR: 138/1538"
        ]
      }
    ],
    "901": [
      {
        "a": "bx000017115"
      }
    ],
    "leader": "00000nam a2200493 ia4500",
    "001": "009670190",
    "005": "20191004153448.0",
    "003": "rnb",
    "008": "960404s1771    ru     fr     ||0 u|rus c",
    "035": [
      {}
    ],
    "040": [
      {
        "a": "rnb",
        "b": "rus",
        "c": "rnb"
      },
      {
        "b": "rus",
        "c": "NLR"
      },
      {
        "2": "rusmarc",
        "b": "rus",
        "d": "NLR"
      }
    ],
    "041": [
      {
        "ind1": "1",
        "a": "grc",
        "h": "grc"
      }
    ],
    "044": [
      {
        "a": [
          "RU"
        ]
      }
    ]
  }
]